@PHDTHESIS{Hervieux,
author = {Hervieux, G.},
title = "{Etude numérique des interactions courant-topographie: applications au gyre subpolaire, aux seuils de Gibraltar et des mers nordiques}",
school = {Université J. Fourier, Grenoble},
year = 2007,
}

@ARTICLE{Lengaigne2007,
author = {Lengaigne, M. and Menkes, C. and Aumont, O. and Gorgues, T. and Bopp, L. and André, J.-M. and Madec, G.},
title = "{Bio-physical feedbacks on the tropical pacific climate in a coupled general circulation model}",
journal = Climate Dynamics,
year = 2007,
volume = 28,
pages = {503-516},
}

@ARTICLE{Beckmann1997,
author = {Beckmann, A. and Döscher, R.},
title = "{A method for improved representation of dense water spreading over topography in geopotential-coordinate models}",
journal = Journal of Physical Oceanography,
year = 1997,
volume = 27,
pages = {581-591},
}


@TECHREPORT{Garric2010,
author = {Garric, G.},
title = "{  }",
year = 2010,
institution = {Mercator-Océan, France},
}

@TECHREPORT{Scheinert,
author = {Scheinert, M. and Biastoch, A. and Böning, C.W.},
title = "{The Global Ocean Model NEMO-ORCA12: Documentation of the Kiel DRAKKAR Experiment Setup}",
year = 2010,
institution = {IFM-Geomar, Kiel, Germany},
}

@UNPUBLISHED{Lecointre2011,
author = {Lecointre, A. and Molines, J.-M. and Audiffren, N.},
title = "{Tests de performance d'un modèle océanographique haute résolution sur le supercalculateur parallèle JADE (GENCI-CINES)}",
year = 2011,
note = {Poster (a more detailed technical report is in preparation), HPC GENCI, May 19th, Paris},
}